<record><leader>00000cas a22000007a 4500</leader><controlfield tag="001">24090370</controlfield><controlfield tag="008">910717d19091910ncuwr ne      0    0eng d</controlfield><datafield ind1=" " ind2=" " tag="010"><subfield code="a">sn 91068254 </subfield></datafield><datafield ind1=" " ind2=" " tag="040"><subfield code="a">NVJ</subfield><subfield code="b">eng</subfield><subfield code="c">NVJ</subfield><subfield code="d">OCLCQ</subfield></datafield><datafield ind1=" " ind2=" " tag="042"><subfield code="a">msc</subfield></datafield><datafield ind1="0" ind2=" " tag="130"><subfield code="a">Saturday evening chronicle (Charlotte, N.C.)</subfield></datafield><datafield ind1="1" ind2="4" tag="245"><subfield code="a">The Saturday evening chronicle.</subfield></datafield><datafield ind1=" " ind2=" " tag="260"><subfield code="a">Charlotte, N.C. :</subfield><subfield code="b">Wade H. Harris</subfield></datafield><datafield ind1=" " ind2=" " tag="300"><subfield code="a">v.</subfield></datafield><datafield ind1=" " ind2=" " tag="310"><subfield code="a">Weekly</subfield></datafield><datafield ind1="0" ind2=" " tag="362"><subfield code="a">July 17, 1909-Mar. 19, 1910.</subfield></datafield><datafield ind1=" " ind2=" " tag="580"><subfield code="a">Daily ed.: Evening chronicle (Charlotte, N.C.).</subfield></datafield><datafield ind1=" " ind2=" " tag="752"><subfield code="a">United States</subfield><subfield code="b">North Carolina</subfield><subfield code="c">Mecklenburg</subfield><subfield code="d">Charlotte.</subfield></datafield><datafield ind1="1" ind2=" " tag="775"><subfield code="t">Evening chronicle (Charlotte, N.C.)</subfield><subfield code="w">(DLC)sn 91068253</subfield></datafield></record>